

@article{arduino,
  title={Get Started With Machine Learning on Arduino},
  author={Mistry, S. and Pajak, D.},
  year={2024},
  url={https://docs.arduino.cc/tutorials/nano-33-ble-sense/get-started-with-machine-learning/},
  urldate={2024-08-02},
  publisher={Arduino Docs}
}

@article{keras,
  title={Keras },
  author={TensorFlow},
  year={2022},
  url={https://www.tensorflow.org/guide/keras?hl=es-419},
  urldate={2022-01-24},
  publisher={Oracle}
}
