@misc{resistencias_pull-up_pull-down,
  title = {Resistencias Pull-Up y Pull-Down},
  url = {https://naylampmechatronics.com/blog/39_resistencias-pull-up-y-pull-down.html},
  year = {2023},
  publisher = {Naylamp Mechatronics - Perú}
}

@misc{electronica_facil,
  author = {Segura, D. and Perfil, V. T. mi},
  title = {Electrónica fácil},
  year = {2014},
  howpublished = {http://arduinopractico.blogspot.com/2014/11/resistencias-pull-up-y-pull-down.html},
  publisher = {Blogspot.com}
}

@misc{STM,
  author = {STMicroelectronics},
  title = {UM1662, User Manual. Getting started with the STM32F429 Discovery kit},
  year = {2013},
  howpublished = {https://www.st.com/resource/en/user_manual/um1662-getting-started-with-the-stm32f429-discovery-kit-stmicroelectronics.pdf},
  publisher = {https://www.st.com} 
}

@misc{STM2,
  author = {STMicroelectronics},
  title = {UM1670 User manual. Discovery kit for STM32F429/439 lines},
  year = {2013},
  howpublished = {https://dl.btc.pl/kamami_wa/stm32f429i-disco_user_manual.pdf},
  publisher = {https://www.st.com} 
}

@misc{STM3,
  author = {STMicroelectronics (2018)},
  title = {STM32F427xx STM32F429xx},
  year = {2018},
  howpublished = {https://www.st.com/resource/en/datasheet/stm32f427vg.pdf},
  publisher = {https://www.st.com} 
}

@misc{sensor,
  author = {STMicroelectronics (2013)},
  title = {L3GD20. MEMS motion sensor: three-axis digital output gyroscope},
  year = {2013},
  howpublished = {https://www.st.com/en/mems-and-sensors/l3gd20.html},
  publisher = {https://www.st.com} 
}